@article{dhawan2012numerical,
  title={Numerical method for advection diffusion equation using FEM and B-splines},
  author={Dhawan, Sharanjeet and Kapoor, S and Kumar, Sheo},
  journal={Journal of Computational Science},
  volume={3},
  number={5},
  pages={429--437},
  year={2012},
  publisher={Elsevier}
}

@article{burman2012implicit,
  title={Implicit-explicit Runge--Kutta schemes and finite elements with symmetric stabilization for advection-diffusion equations},
  author={Burman, Erik and Ern, Alexandre},
  journal={ESAIM: Mathematical Modelling and Numerical Analysis},
  volume={46},
  number={4},
  pages={681--707},
  year={2012},
  publisher={EDP Sciences}
}

