@book{chandra2001parallel,
  title={Parallel programming in OpenMP},
  author={Chandra, Rohit},
  year={2001},
  publisher={Morgan kaufmann}
}

@article{ayguade2008design,
  title={The design of OpenMP tasks},
  author={Ayguad{\'e}, Eduard and Copty, Nawal and Duran, Alejandro and Hoeflinger, Jay and Lin, Yuan and Massaioli, Federico and Teruel, Xavier and Unnikrishnan, Priya and Zhang, Guansong},
  journal={IEEE Transactions on Parallel and Distributed systems},
  volume={20},
  number={3},
  pages={404--418},
  year={2008},
  publisher={IEEE}
}
