@article{anderson2021mfem,
  title={MFEM: A modular finite element methods library},
  author={Anderson, Robert and Andrej, Julian and Barker, Andrew and Bramwell, Jamie and Camier, Jean-Sylvain and Cerveny, Jakub and Dobrev, Veselin and Dudouit, Yohann and Fisher, Aaron and Kolev, Tzanio and others},
  journal={Computers \& Mathematics with Applications},
  volume={81},
  pages={42--74},
  year={2021},
  publisher={Elsevier}
   
}